%% This BibTeX bibliography file was created using BibDesk.
%% https://bibdesk.sourceforge.io/

%% Created for Jeffrey Varner at 2024-01-15 15:51:47 -0500 


%% Saved with string encoding Unicode (UTF-8) 



@article{Malkiel-Bonds-1962,
	abstract = {{Introduction, 197. --- The mathematics of bond prices, 199. --- Expectations and the term structure of rates, 206. --- Altering some of the assumptions, 214. Concluding remarks, 218.}},
	author = {Malkiel, Burton G.},
	date-modified = {2024-01-15 15:51:47 -0500},
	doi = {10.2307/1880816},
	eprint = {https://academic.oup.com/qje/article-pdf/76/2/197/5374920/76-2-197.pdf},
	issn = {0033-5533},
	journal = {The Quarterly Journal of Economics},
	month = {05},
	number = {2},
	pages = {197-218},
	title = {{Expectations, Bond Prices, and the Term Structure of Interest Rates}},
	url = {https://doi.org/10.2307/1880816},
	volume = {76},
	year = {1962},
	bdsk-url-1 = {https://doi.org/10.2307/1880816}}
